@incollection{Helgaker1995,
author = {Helgaker, Trygve and Taylor, Peter R},
booktitle = {Modern Electronic Structure Theory},
doi = {10.1142/9789812832115\_0001},
file = {:Users/henriksveinsson/Documents/Mendeley Desktop/ModElectStructTheory\_GaussianBasisIntegrals\_1995.pdf:pdf},
pages = {725--856},
title = {{Gaussian Basis Sets and Molecular Integrals}},
year = {1995}
}
@techreport{Sherrill2000,
author = {Sherrill, C David},
file = {:Users/henriksveinsson/Documents/Mendeley Desktop/hf-intro.pdf:pdf},
pages = {1--8},
title = {{An Introduction to Hartree-Fock Molecular Orbital Theory What Problem Are We Solving ? Motivation and the Hartree Product}},
year = {2000}
}
