@article{wiberg2001holleman,
  title={Holleman-Wiberg's inorganic chemistry},
  author={Wiberg, N},
  journal={Academic Press, New York},
  year={2001}
}